@article{Turing,
	ISSN = {00264423, 14602113},
	URL = {http://www.jstor.org/stable/2251299},
	author = {A. M. Turing},
	journal = {Mind},
	number = {236},
	pages = {433-460},
	publisher = {[Oxford University Press, Mind Association]},
	title = {Computing Machinery and Intelligence},
	volume = {59},
	year = {1950}
}
@article{Weizenbaum,
	author = {Weizenbaum, Joseph},
	title = {ELIZA\&Mdash;a Computer Program for the Study of Natural Language Communication Between Man and Machine},
	journal = {Commun. ACM},
	issue_date = {Jan. 1966},
	volume = {9},
	number = {1},
	month = jan,
	year = {1966},
	issn = {0001-0782},
	pages = {36--45},
	numpages = {10},
	url = {http://doi.acm.org/10.1145/365153.365168},
	doi = {10.1145/365153.365168},
	acmid = {365168},
	publisher = {ACM},
	address = {New York, NY, USA},
}
@InProceedings{Danescu-Niculescu-Mizil+Lee:11a,
	author={Cristian Danescu-Niculescu-Mizil and Lillian Lee},
	title={Chameleons in imagined conversations: 
	A new approach to understanding coordination of linguistic style in dialogs.},
	booktitle={Proceedings of the 
	Workshop on Cognitive Modeling and Computational Linguistics, ACL 2011},
	year={2011}
}